<?xml version="1.0" encoding="UTF-8"?>
  <record xmlns="http://www.loc.gov/MARC21/slim" type="Authority">
    <leader>00000nz  a2200000nc 4500</leader>
    <controlfield tag="001">110642457</controlfield>
    <controlfield tag="003">DE-101</controlfield>
    <controlfield tag="005">20210215115958.0</controlfield>
    <controlfield tag="008">860811n||azznnaabn           | aaa    |c</controlfield>
    <datafield tag="024" ind1="7" ind2=" ">
      <subfield code="a">110642457</subfield>
      <subfield code="0">http://d-nb.info/gnd/110642457</subfield>
      <subfield code="2">gnd</subfield>
    </datafield>
    <datafield tag="035" ind1=" " ind2=" ">
      <subfield code="a">(DE-101)110642457</subfield>
    </datafield>
    <datafield tag="035" ind1=" " ind2=" ">
      <subfield code="a">(DE-588)110642457</subfield>
    </datafield>
    <datafield tag="035" ind1=" " ind2=" ">
      <subfield code="z">(DE-588a)110642457</subfield>
      <subfield code="9">v:zg</subfield>
    </datafield>
    <datafield tag="035" ind1=" " ind2=" ">
      <subfield code="z">(DE-588c)7540643-3</subfield>
      <subfield code="9">v:zg</subfield>
    </datafield>
    <datafield tag="040" ind1=" " ind2=" ">
      <subfield code="a">DE-101</subfield>
      <subfield code="c">DE-101</subfield>
      <subfield code="9">r:DE-101</subfield>
      <subfield code="b">ger</subfield>
      <subfield code="d">0012</subfield>
    </datafield>
    <datafield tag="042" ind1=" " ind2=" ">
      <subfield code="a">gnd1</subfield>
    </datafield>
    <datafield tag="043" ind1=" " ind2=" ">
      <subfield code="c">XU</subfield>
      <subfield code="c">XC-EG</subfield>
    </datafield>
    <datafield tag="065" ind1=" " ind2=" ">
      <subfield code="a">5.7p</subfield>
      <subfield code="2">sswd</subfield>
    </datafield>
    <datafield tag="075" ind1=" " ind2=" ">
      <subfield code="b">p</subfield>
      <subfield code="2">gndgen</subfield>
    </datafield>
    <datafield tag="075" ind1=" " ind2=" ">
      <subfield code="b">piz</subfield>
      <subfield code="2">gndspec</subfield>
    </datafield>
    <datafield tag="079" ind1=" " ind2=" ">
      <subfield code="a">g</subfield>
      <subfield code="q">f</subfield>
      <subfield code="q">e</subfield>
      <subfield code="q">n</subfield>
      <subfield code="q">s</subfield>
      <subfield code="u">v</subfield>
    </datafield>
    <datafield tag="100" ind1="0" ind2=" ">
      <subfield code="a">Muḥammad Ibn-Sīrīn</subfield>
      <subfield code="d">653-728</subfield>
    </datafield>
    <datafield tag="400" ind1="0" ind2=" ">
      <subfield code="a">Achmet Ben-Sirin</subfield>
      <subfield code="d">653-728</subfield>
    </datafield>
    <datafield tag="400" ind1="0" ind2=" ">
      <subfield code="a">Ahmet Ben-Sirin</subfield>
      <subfield code="d">653-728</subfield>
    </datafield>
    <datafield tag="400" ind1="1" ind2=" ">
      <subfield code="a">Sīrīn, Muḥammad &#152;ibn-&#156;</subfield>
      <subfield code="d">653-728</subfield>
    </datafield>
    <datafield tag="400" ind1="0" ind2=" ">
      <subfield code="a">Aḥmad Ibn-Sīrīn</subfield>
      <subfield code="d">653-728</subfield>
    </datafield>
    <datafield tag="400" ind1="0" ind2=" ">
      <subfield code="a">Achmet</subfield>
      <subfield code="c">Ben Sirin</subfield>
      <subfield code="d">653-728</subfield>
    </datafield>
    <datafield tag="400" ind1="1" ind2=" ">
      <subfield code="a">Onirocrites, Achmet</subfield>
      <subfield code="d">653-728</subfield>
    </datafield>
    <datafield tag="400" ind1="0" ind2=" ">
      <subfield code="a">Achmet</subfield>
      <subfield code="c">Onirocrites</subfield>
      <subfield code="d">653-728</subfield>
    </datafield>
    <datafield tag="400" ind1="0" ind2=" ">
      <subfield code="a">Achmet</subfield>
      <subfield code="c">Filius Scirim</subfield>
      <subfield code="d">653-728</subfield>
    </datafield>
    <datafield tag="400" ind1="1" ind2=" ">
      <subfield code="a">Ibn-Sīrin, Aḥmad</subfield>
      <subfield code="d">653-728</subfield>
    </datafield>
    <datafield tag="400" ind1="0" ind2=" ">
      <subfield code="a">Achmes</subfield>
      <subfield code="c">Onirocrites</subfield>
      <subfield code="d">653-728</subfield>
    </datafield>
    <datafield tag="400" ind1="0" ind2=" ">
      <subfield code="a">Achmet</subfield>
      <subfield code="c">Son of Sereim</subfield>
      <subfield code="d">653-728</subfield>
    </datafield>
    <datafield tag="400" ind1="0" ind2=" ">
      <subfield code="a">Achmes</subfield>
      <subfield code="c">Son of Seirim</subfield>
      <subfield code="d">653-728</subfield>
    </datafield>
    <datafield tag="400" ind1="0" ind2=" ">
      <subfield code="a">Aḥmad Ibn-Seirim</subfield>
      <subfield code="d">653-728</subfield>
    </datafield>
    <datafield tag="400" ind1="1" ind2=" ">
      <subfield code="a">Ibn-Sīrīn, Muḥammad</subfield>
      <subfield code="d">653-728</subfield>
    </datafield>
    <datafield tag="400" ind1="0" ind2=" ">
      <subfield code="a">Apomasar</subfield>
      <subfield code="d">653-728</subfield>
    </datafield>
    <datafield tag="400" ind1="0" ind2=" ">
      <subfield code="a">Aḥmad ibn Sīrīn</subfield>
      <subfield code="d">653-728</subfield>
      <subfield code="9">v:(VD-16)</subfield>
    </datafield>
    <datafield tag="400" ind1="0" ind2=" ">
      <subfield code="a">Ahmad Ibn-Sirin</subfield>
      <subfield code="c">Traumdeuter</subfield>
      <subfield code="d">653-728</subfield>
    </datafield>
    <datafield tag="400" ind1="0" ind2=" ">
      <subfield code="a">Achmet Ben Sirin</subfield>
      <subfield code="c">Traumdeuter</subfield>
      <subfield code="d">653-728</subfield>
    </datafield>
    <datafield tag="400" ind1="0" ind2=" ">
      <subfield code="a">Achmet Onirocrites</subfield>
      <subfield code="c">Traumdeuter</subfield>
      <subfield code="d">653-728</subfield>
    </datafield>
    <datafield tag="400" ind1="0" ind2=" ">
      <subfield code="a">Ahmad Ibn-Seirim</subfield>
      <subfield code="c">Traumdeuter</subfield>
      <subfield code="d">653-728</subfield>
    </datafield>
    <datafield tag="400" ind1="0" ind2=" ">
      <subfield code="a">Achmes Sereimus Filius</subfield>
      <subfield code="c">Traumdeuter</subfield>
      <subfield code="d">653-728</subfield>
    </datafield>
    <datafield tag="400" ind1="1" ind2=" ">
      <subfield code="a">Ibn Sīrīn, Muḥammad</subfield>
      <subfield code="c">Traumdeuter</subfield>
      <subfield code="d">653-728</subfield>
    </datafield>
    <datafield tag="400" ind1="0" ind2=" ">
      <subfield code="a">Muḥammad Ibn Sīrīn</subfield>
      <subfield code="c">Traumdeuter</subfield>
      <subfield code="d">653-728</subfield>
    </datafield>
    <datafield tag="400" ind1="0" ind2=" ">
      <subfield code="a">Ahmet Ben Sirin</subfield>
      <subfield code="c">Traumdeuter</subfield>
      <subfield code="d">653-728</subfield>
    </datafield>
    <datafield tag="400" ind1="1" ind2=" ">
      <subfield code="a">Sīrīn, Muḥamad ibn-</subfield>
      <subfield code="c">Traumdeuter</subfield>
      <subfield code="d">653-728</subfield>
    </datafield>
    <datafield tag="400" ind1="0" ind2=" ">
      <subfield code="a">Muḥammad Ibn-Sīrīn</subfield>
      <subfield code="c">Traumdeuter</subfield>
      <subfield code="d">653-728</subfield>
    </datafield>
    <datafield tag="400" ind1="1" ind2=" ">
      <subfield code="a">Ibn-Sirin, Muhammad</subfield>
      <subfield code="d">653-728</subfield>
    </datafield>
    <datafield tag="500" ind1="1" ind2=" ">
      <subfield code="0">(DE-101)100188826</subfield>
      <subfield code="0">(DE-588)100188826</subfield>
      <subfield code="0">https://d-nb.info/gnd/100188826</subfield>
      <subfield code="a">Leunclavius, Johannes</subfield>
      <subfield code="d">1533-1593</subfield>
      <subfield code="4">beza</subfield>
      <subfield code="4">https://d-nb.info/standards/elementset/gnd#acquaintanceshipOrFriendship</subfield>
      <subfield code="w">r</subfield>
      <subfield code="i">Bekanntschaft</subfield>
      <subfield code="e">Bekanntschaft</subfield>
      <subfield code="9">v:VD-16 Mitverf.</subfield>
    </datafield>
    <datafield tag="548" ind1=" " ind2=" ">
      <subfield code="a">653-728</subfield>
      <subfield code="4">datl</subfield>
      <subfield code="4">https://d-nb.info/standards/elementset/gnd#dateOfBirthAndDeath</subfield>
      <subfield code="w">r</subfield>
      <subfield code="i">Lebensdaten</subfield>
    </datafield>
    <datafield tag="667" ind1=" " ind2=" ">
      <subfield code="a">12-PMA</subfield>
    </datafield>
    <datafield tag="667" ind1=" " ind2=" ">
      <subfield code="a">12</subfield>
    </datafield>
    <datafield tag="667" ind1=" " ind2=" ">
      <subfield code="a">VD-16</subfield>
    </datafield>
    <datafield tag="667" ind1=" " ind2=" ">
      <subfield code="a">VD-17</subfield>
    </datafield>
    <datafield tag="667" ind1=" " ind2=" ">
      <subfield code="a">Red. SSG</subfield>
    </datafield>
    <datafield tag="670" ind1=" " ind2=" ">
      <subfield code="a">PMA</subfield>
    </datafield>
    <datafield tag="672" ind1=" " ind2="0">
      <subfield code="a">Aḥmad ibn Sīrīn: APOMASARIS APOTELESMATA, siue DE SIGNIFICATIS ET EVENTIS INSOMNIORVM, ex Indorum, ... 1577. (VD16 A 1204)</subfield>
    </datafield>
    <datafield tag="678" ind1=" " ind2=" ">
      <subfield code="b">Traumbuch; Griech. Traumdeuter, angebl. Verf. eines byzantinischen Traumbuchs (Oneirokritikon) aus indischen, persischen und ägyptischen Quellen</subfield>
    </datafield>
    <datafield tag="913" ind1=" " ind2=" ">
      <subfield code="S">pnd</subfield>
      <subfield code="i">5</subfield>
      <subfield code="a">Muḥammad Ibn-Sīrīn</subfield>
      <subfield code="0">(DE-588a)110642457</subfield>
    </datafield>
  </record>
